@String(PAMI  = {IEEE TPAMI})
@String(IJCV  = {IJCV})
@String(CVPR  = {CVPR})
@String(CVPRW  = {CVPR Workshops})
@String(ICCV  = {ICCV})
@String(ICCVW  = {ICCV Workshops})
@String(ECCV  = {ECCV})
@String(ECCVW  = {ECCV Workshops})
@String(NIPS  = {NeurIPS})
@String(ICPR  = {ICPR})
@String(BMVC  =	{BMVC})
@String(TOG   = {ACM TOG})
@String(TIP   = {IEEE TIP})
@String(TVCG  = {IEEE TVCG})
@String(TCSVT = {IEEE TCSVT})
@String(TMM   =	{IEEE TMM})
@String(ACMMM = {ACM MM})
@String(ICME  =	{ICME})
@String(ICASSP=	{ICASSP})
@String(ICIP  = {ICIP})
@String(ACCV  = {ACCV})
@String(ICLR  = {ICLR})
@String(IJCAI = {IJCAI})
@String(PR = {PR})
@String(AAAI = {AAAI})
@String(CSVT = {IEEE TCSVT})
@String(ICML = {ICML})

@inproceedings{zhang2021designing,
	title={Designing a practical degradation model for deep blind image super-resolution},
	author={Zhang, Kai and Liang, Jingyun and Van Gool, Luc and Timofte, Radu},
	booktitle=iccv,
	year={2021}
}

@inproceedings{zhang2018learning,
	title={Learning a single convolutional super-resolution network for multiple degradations},
	author={Zhang, Kai and Zuo, Wangmeng and Zhang, Lei},
	booktitle=cvpr,
	year={2018}
}

@inproceedings{zhang2020deep,
	title={Deep unfolding network for image super-resolution},
	author={Zhang, Kai and Gool, Luc Van and Timofte, Radu},
	booktitle=cvpr,
	year={2020}
}

@inproceedings{ding2019acnet,
	title={Acnet: Strengthening the kernel skeletons for powerful cnn via asymmetric convolution blocks},
	author={Ding, Xiaohan and Guo, Yuchen and Ding, Guiguang and Han, Jungong},
	booktitle=iccv,
	year={2019}
}

@inproceedings{arora2018optimization,
	title={On the optimization of deep networks: Implicit acceleration by overparameterization},
	author={Arora, Sanjeev and Cohen, Nadav and Hazan, Elad},
	booktitle=icml,
	year={2018}
}

@article{zagoruyko2017diracnets,
	title={Diracnets: Training very deep neural networks without skip-connections},
	author={Zagoruyko, Sergey and Komodakis, Nikos},
	journal={arXiv:1706.00388},
	year={2017}
}

@inproceedings{zhang2019aimconstrainedsr,
	title={Aim 2019 challenge on constrained super-resolution: Methods and results},
	author={Zhang, Kai and Gu, Shuhang and Timofte, Radu and Hui, Zheng and Wang, Xiumei and Gao, Xinbo and Xiong, Dongliang and Liu, Shuai and Gang, Ruipeng and Nan, Nan and others},
	booktitle=iccvw,
	year={2019}
}

@inproceedings{zhang2020aimefficientsr,
	title={AIM 2020 challenge on efficient super-resolution: Methods and results},
	author={Zhang, Kai and Danelljan, Martin and Li, Yawei and Timofte, Radu and Liu, Jie and Tang, Jie and Wu, Gangshan and Zhu, Yu and He, Xiangyu and Xu, Wenjie and others},
	booktitle=eccvw,
	year={2020}
}

@inproceedings{hui2019imdn,
	title={Lightweight image super-resolution with information multi-distillation network},
	author={Hui, Zheng and Gao, Xinbo and Yang, Yunchu and Wang, Xiumei},
	booktitle=acmmm,
	year={2019}
}
@inproceedings{hui2018idn,
	title={Fast and accurate single image super-resolution via information distillation network},
	author={Hui, Zheng and Wang, Xiumei and Gao, Xinbo},
	booktitle=cvpr,
	year={2018}
}

@inproceedings{ahn2018carn,
	title={Fast, accurate, and lightweight super-resolution with cascading residual network},
	author={Ahn, Namhyuk and Kang, Byungkon and Sohn, Kyung-Ah},
	booktitle=eccv,
	year={2018}
}
@inproceedings{mei2020image,
	title={Image super-resolution with cross-scale non-local attention and exhaustive self-exemplars mining},
	author={Mei, Yiqun and Fan, Yuchen and Zhou, Yuqian and Huang, Lichao and Huang, Thomas S and Shi, Honghui},
	booktitle=cvpr,
	year={2020}
}
@InProceedings{tai2017image,
	author    = {Tai, Ying and Yang, Jian and Liu, Xiaoming},
	title     = {Image Super-Resolution via Deep Recursive Residual Network},
	booktitle = cvpr,
	year      = {2017},
	groups    = {SR},
	timestamp = {2018-07-30},
}
@InProceedings{kim2016deeply,
	author    = {Kim, Jiwon and Kwon Lee, Jung and Mu Lee, Kyoung},
	title     = {Deeply-recursive convolutional network for image super-resolution},
	booktitle = cvpr,
	year      = {2016},
	comment   = {DRCN},
	groups    = {SR},
	timestamp = {2018-08-03},
}
@InProceedings{zhang2018residual,
	author    = {Zhang, Yulun and Tian, Yapeng and Kong, Yu and Zhong, Bineng and Fu, Yun},
	title     = {Residual dense network for image super-resolution},
	booktitle = cvpr,
	year      = {2018},
	comment   = {RDN},
	file      = {:papers/Residual dense network for image super-resolution.pdf:PDF},
	groups    = {SR},
	timestamp = {2018-08-03},
}

@InProceedings{ledig2017photo,
	author    = {Ledig, Christian and Theis, Lucas and Husz{\'a}r, Ferenc and Caballero, Jose and Cunningham, Andrew
	and Acosta, Alejandro and Aitken, Andrew and Tejani, Alykhan and Totz, Johannes and Wang, Zehan and others},
	title     = {Photo-realistic single image super-resolution using a generative adversarial network},
	booktitle = cvpr,
	year      = {2017},
	file      = {:papers/Photo-realistic single image super-resolution using a generative adversarial network.pdf:PDF},
	groups    = {SR},
	timestamp = {2018-07-31},
}
@InProceedings{haris2018deep,
	author    = {Haris, Muhammad and Shakhnarovich, Greg and Ukita, Norimichi},
	title     = {Deep backprojection networks for super-resolution},
	booktitle = cvpr,
	year      = {2018},
	comment   = {DBPN},
	groups    = {SR},
	timestamp = {2018-08-10},
}
@InProceedings{lai2017deep,
	author    = {Lai, Wei-Sheng and Huang, Jia-Bin and Ahuja, Narendra and Yang, Ming-Hsuan},
	title     = {Deep Laplacian Pyramid Networks for Fast and Accurate Super-Resolution},
	booktitle = cvpr,
	year      = {2017},
	groups    = {SR},
	timestamp = {2018-07-30},
}

@InProceedings{kim2016accurate,
	author    = {Kim, Jiwon and Kwon Lee, Jung and Mu Lee, Kyoung},
	title     = {Accurate image super-resolution using very deep convolutional networks},
	booktitle = cvpr,
	year      = {2016},
	comment   = {VDSR},
	file      = {:papers/Accurate image super-resolution using very deep convolutional networks.pdf:PDF},
	groups    = {SR},
	timestamp = {2018-08-10},
}
@Article{dong2016image,
	author    = {Dong, Chao and Loy, Chen Change and He, Kaiming and Tang, Xiaoou},
	title     = {Image super-resolution using deep convolutional networks},
	journal   = pami,
	year      = {2016},
	groups    = {SR},
	timestamp = {2018-07-30},
}
@inproceedings{sun2008image,
	title={Image super-resolution using gradient profile prior},
	author={Sun, Jian and Xu, Zongben and Shum, Heung-Yeung},
	booktitle=cvpr,
	year={2008}
}

@InProceedings{wang2021realesrgan,
	author    = {Xintao Wang and Liangbin Xie and Chao Dong and Ying Shan},
	booktitle = iccvw,
	year      = {2021},
	title     = {Real-ESRGAN: Training Real-World Blind Super-Resolution with Pure Synthetic Data},
	file      = {:JabRef/Mine/Real-ESRGAN Training Real-World Blind Super-Resolution with Pure Synthetic Data.pdf:PDF},
	groups    = {Mine},
}
@InProceedings{loshchilov2016sgdr,
	title={Sgdr: Stochastic gradient descent with warm restarts},
	author={Loshchilov, Ilya and Hutter, Frank},
	booktitle=iclr,
	year={2017}
}
@InProceedings{wang2019edvr,
	author    = {Wang, Xintao and Chan, Kelvin C.K. and Yu, Ke and Dong, Chao and Loy, Chen Change},
	booktitle = cvprw,
	title     = {EDVR: Video restoration with enhanced deformable convolutional networks},
	file      = {:JabRef/Mine/EDVR Video restoration with enhanced deformable convolutional networks.pdf:PDF},
	groups    = {Mine, Restoration},
	owner     = {Xintao},
	timestamp = {2020-06-15},
	year      = {2019},
}
@misc{wang2018basicsr,
	author =       {Xintao Wang and Ke Yu and Kelvin C.K. Chan and
	Chao Dong and Chen Change Loy},
	title =        {{BasicSR}: Open Source Image and Video Restoration Toolbox},
	howpublished = {\url{https://github.com/xinntao/BasicSR}},
	year =         {2018}
}
@InProceedings{martin2001database,
	author    = {Martin, David and Fowlkes, Charless and Tal, Doron and Malik, Jitendra},
	title     = {A database of human segmented natural images and its application to evaluating segmentation algorithms
	and measuring ecological statistics},
	booktitle = iccv,
	year      = {2001},
	comment   = {BSD},
	groups    = {segmentation},
	timestamp = {2018-08-15},
}

@InProceedings{zeyde2010single,
	author       = {Zeyde, Roman and Elad, Michael and Protter, Matan},
	title        = {On single image scale-up using sparse-representations},
	booktitle    = {International Conference on Curves and Surfaces},
	year         = {2010},
	comment      = {set14},
	timestamp    = {2018-08-15},
}

@inproceedings{huang2015single,
	title={Single image super-resolution from transformed self-exemplars},
	author={Huang, Jia-Bin and Singh, Abhishek and Ahuja, Narendra},
	booktitle=cvpr,
	year={2015}
}
@article{bevilacqua2012low,
	title={Low-complexity single-image super-resolution based on nonnegative neighbor embedding},
	author={Bevilacqua, Marco and Roumy, Aline and Guillemot, Christine and Alberi-Morel, Marie Line},
	year={2012},
	journal={BMVA press}
}

@InProceedings{agustsson2017ntire,
	author    = {Agustsson, Eirikur and Timofte, Radu},
	title     = {Ntire 2017 challenge on single image super-resolution: Dataset and study},
	booktitle = cvprw,
	year      = {2017},
	comment   = {NTIRE17, DIV2K},
	file      = {:papers/Ntire 2017 challenge on single image super-resolution\: Dataset and study.pdf:PDF},
	groups    = {SR},
	timestamp = {2018-08-07},
}

@inproceedings{yu2020wide,
	title={Wide activation for efficient image and video super-resolution},
	author={Yu, Jiahui and Fan, Yuchen and Huang, Thomas},
	booktitle=bmvc,
	year={2020}
}
@inproceedings{guo2018expandnets,
	title={Expandnets: Linear over-parameterization to train compact convolutional networks},
	author={Guo, Shuxuan and Alvarez, Jose M and Salzmann, Mathieu},
	booktitle=nips,
	year={2020}
}
@InProceedings{he2016identity,
	author       = {He, Kaiming and Zhang, Xiangyu and Ren, Shaoqing and Sun, Jian},
	booktitle    = eccv,
	title        = {Identity mappings in deep residual networks},
	year         = {2016},
	file         = {:papers/Identity mappings in deep residual networks.pdf:PDF;:JabRef/papers/Identity mappings in deep residual networks.pdf:PDF},
	timestamp    = {2018-10-09},
}
@InProceedings{ding2021ddb,
	author    = {Ding, Xiaohan and Zhang, Xiangyu and Han, Jungong and Ding, Guiguang},
	booktitle = cvpr,
	year      = {2021},
	title     = {Diverse Branch Block: Building a Convolution as an Inception-like Unit},
	file      = {:JabRef/Others/Diverse Branch Block Building a Convolution as an Inception-like Unit.pdf:PDF},
	groups    = {Others, ToRead},
}
@InProceedings{xie2019intriguing,
	title={Intriguing properties of adversarial training at scale},
	author={Xie, Cihang and Yuille, Alan},
	booktitle=iclr,
	year={2020}
}
@inproceedings{johnson2018image,
	title={Image generation from scene graphs},
	author={Johnson, Justin and Gupta, Agrim and Fei-Fei, Li},
	booktitle=cvpr,
	year={2018}
}
@Article{wu2021rethinking,
	author       = {Wu, Yuxin and Johnson, Justin},
	year         = {2021},
	journal = {arXiv:2105.07576},
	title        = {Rethinking" Batch" in BatchNorm},
	file         = {:JabRef/Others/Rethinking Batch in BatchNorm.pdf:PDF},
	groups       = {Others},
}
@inproceedings{musgrave2020metric,
	title={A metric learning reality check},
	author={Musgrave, Kevin and Belongie, Serge and Lim, Ser-Nam},
	booktitle=eccv,
	year={2020},
}
@inproceedings{li2019fully,
	title={Fully quantized network for object detection},
	author={Li, Rundong and Wang, Yan and Liang, Feng and Qin, Hongwei and Yan, Junjie and Fan, Rui},
	booktitle=cvpr,
	year={2019}
}
@inproceedings{ren2015faster,
	title={Faster {R-CNN}: Towards real-time object detection with region proposal networks},
	author={Ren, Shaoqing and He, Kaiming and Girshick, Ross and Sun, Jian},
	booktitle=nips,
	year={2015}
}
@InProceedings{gu2020interpreting,
	title={Interpreting Super-Resolution Networks with Local Attribution Maps},
	author={Gu, Jinjin and Dong, Chao},
	booktitle = cvpr,
	year={2020}
}

@InProceedings{ioffe2015batch,
	author       = {Ioffe, Sergey and Szegedy, Christian},
	booktitle    = icml,
	year         = {2015},
	title        = {Batch normalization: Accelerating deep network training by reducing internal covariate shift},
	file         = {:JabRef/Others/Batch Normalization Accelerating Deep Network Training by Reducing Internal Covariate Shift.pdf:PDF},
	groups       = {Others},
}

@inproceedings{ahn2018fast,
	title={Fast, accurate, and lightweight super-resolution with cascading residual network},
	author={Ahn, Namhyuk and Kang, Byungkon and Sohn, Kyung-Ah},
	booktitle=eccv,
	year={2018}
}

@inproceedings{hui2019lightweight,
	title={Lightweight image super-resolution with information multi-distillation network},
	author={Hui, Zheng and Gao, Xinbo and Yang, Yunchu and Wang, Xiumei},
	booktitle=acmmm,
	year={2019}
}

@InProceedings{lee2020journey,
	author       = {Lee, Royson and Dudziak, {\L}ukasz and Abdelfattah, Mohamed and Venieris, Stylianos I and Kim, Hyeji and Wen, Hongkai and Lane, Nicholas D},
	booktitle    = eccv,
	year         = {2020},
	title        = {Journey towards tiny perceptual super-resolution},
	comment      = {TPSR},
	groups       = {Others},
}

@Article{bhardwaj2021collapsible,
	author       = {Bhardwaj, Kartikeya and Milosavljevic, Milos and Chalfin, Alex and Suda, Naveen and O'Neil, Liam and Gope, Dibakar and Meng, Lingchuan and Matas, Ramon and Loh, Danny},
	date         = {2021},
	journal = {arXiv:2103.09404},
	title        = {Collapsible Linear Blocks for Super-Efficient Super Resolution},
	file         = {:JabRef/Others/Collapsible Linear Blocks for Super-Efficient Super Resolution.pdf:PDF},
	groups       = {Others, ToRead},
	year={2021}
}

@InProceedings{dong2016accelerating,
	author    = {Dong, Chao and Loy, Chen Change and Tang, Xiaoou},
	title     = {Accelerating the super-resolution convolutional neural network},
	booktitle = eccv,
	year      = {2016},
	comment   = {fsrcnn},
	file      = {:papers/Accelerating the super-resolution convolutional neural network.pdf:PDF},
	groups    = {SR},
	timestamp = {2018-08-10},
}

@InProceedings{zhang2021ecbsr,
	author    = {Zhang, Xindong and Zeng, Hui and Zhang, Lei},
	booktitle = acmmm,
	year      = {2021},
	title     = {Edge-oriented Convolution Block for Real-time Super Resolution on Mobile Devices},
	file      = {:JabRef/Others/Edge-oriented Convolution Block for Real-time Super Resolution on Mobile Devices.pdf:PDF},
	groups    = {Others, ToRead},
}

@InProceedings{ding2021repvgg,
	author    = {Ding, Xiaohan and Zhang, Xiangyu and Ma, Ningning and Han, Jungong and Ding, Guiguang and Sun, Jian},
	booktitle = cvpr,
	year      = {2021},
	title     = {Repvgg: Making vgg-style convnets great again},
	file      = {:JabRef/Others/RepVGG Making VGG-style ConvNets Great Again.pdf:PDF},
	groups    = {Others, ToRead},
}

@InProceedings{caballero2017real,
	author    = {Caballero, Jose and Ledig, Christian and Aitken, Andrew P and Acosta, Alejandro and Totz, Johannes and Wang, Zehan and Shi, Wenzhe},
	title     = {Real-time video super-resolution with spatio-temporal networks and motion compensation},
	booktitle = cvpr,
	year      = {2017},
	comment   = {VESPCN},
	file      = {:papers/Real-time video super-resolution with spatio-temporal networks and motion compensation.pdf:PDF},
	groups    = {video SR},
	timestamp = {2019-06-28},
}

@Article{yu2019path,
	author    = {Yu, Ke and Wang, Xintao and Dong, Chao and Tang, Xiaoou and Loy, Chen Change},
	journal   = {arXiv:1904.10343},
	title     = {Path-restore: Learning network path selection for image restoration},
	year      = {2019},
	file      = {:JabRef/LowLevel/Path-Restore Learning Network Path Selection for Image Restoration.pdf:PDF},
	groups    = {Restoration},
	owner     = {Xintao},
	timestamp = {2020-11-07},
}
@InProceedings{dong2014learning,
	author    = {Dong, Chao and Loy, Chen Change and He, Kaiming and Tang, Xiaoou},
	booktitle = eccv,
	title     = {Learning a deep convolutional network for image super-resolution},
	year      = {2014},
	comment   = {SRCNN},
	groups    = {Restoration},
	owner     = {Xintao},
	timestamp = {2020-11-06},
}
@InProceedings{lim2017edsr,
	author    = {Lim, Bee and Son, Sanghyun and Kim, Heewon and Nah, Seungjun and Lee, Kyoung Mu},
	title     = {Enhanced deep residual networks for single image super-resolution},
	booktitle = cvprw,
	year      = {2017},
	comment   = {EDSR},
	timestamp = {2019-10-30},
}
@InProceedings{chen2018fsrnet,
	author    = {Chen, Yu and Tai, Ying and Liu, Xiaoming and Shen, Chunhua and Yang, Jian},
	booktitle = cvpr,
	title     = {Fsrnet: End-to-end learning face super-resolution with facial priors},
	year      = {2018},
	file      = {:JabRef/Face/FSRNet End-to-End Learning Face Super-Resolution with Facial Priors.pdf:PDF},
	groups    = {Face},
	owner     = {Xintao},
	timestamp = {2020-11-06},
}
@Article{zhang2017beyond,
	author    = {Zhang, Kai and Zuo, Wangmeng and Chen, Yunjin and Meng, Deyu and Zhang, Lei},
	title     = {Beyond a gaussian denoiser: Residual learning of deep cnn for image denoising},
	journal   = tip,
	year      = {2017},
	volume    = {26},
	number    = {7},
	pages     = {3142--3155},
	comment   = {DnCNN},
	timestamp = {2018-10-29},
}
@InProceedings{kupyn2018deblurgan,
	author    = {Kupyn, Orest and Budzan, Volodymyr and Mykhailych, Mykola and Mishkin, Dmytro and Matas, Ji{\v{r}}{\'\i}},
	booktitle = cvpr,
	title     = {Deblurgan: Blind motion deblurring using conditional adversarial networks},
	year      = {2018},
	groups    = {Restoration},
	owner     = {Xintao},
	timestamp = {2020-11-06},
}
@InProceedings{shen2018deep,
	author    = {Shen, Ziyi and Lai, Wei-Sheng and Xu, Tingfa and Kautz, Jan and Yang, Ming-Hsuan},
	booktitle = cvpr,
	title     = {Deep semantic face deblurring},
	year      = {2018},
	file      = {:JabRef/Face/Deep Semantic Face Deblurring.pdf:PDF},
	groups    = {Face},
	owner     = {Xintao},
	timestamp = {2020-11-06},
}
@InProceedings{dong2015compression,
	author    = {Dong, Chao and Deng, Yubin and Change Loy, Chen and Tang, Xiaoou},
	title     = {Compression artifacts reduction by a deep convolutional network},
	booktitle = iccv,
	year      = {2015},
	comment   = {ARCNN},
	timestamp = {2018-11-06},
}
@InProceedings{yu2018face,
	author    = {Yu, Xin and Fernando, Basura and Ghanem, Bernard and Porikli, Fatih and Hartley, Richard},
	booktitle = eccv,
	title     = {Face super-resolution guided by facial component heatmaps},
	year      = {2018},
	pages     = {217--233},
	file      = {:JabRef/Face/Face Super-resolution Guided by Facial Component Heatmaps.pdf:PDF},
	groups    = {Face},
	owner     = {Xintao},
	timestamp = {2020-11-06},
}
@Article{chen2020psfrgan,
  author      = {Chaofeng Chen and Xiaoming Li and Lingbo Yang and Xianhui Lin and Lei Zhang and Kwan-Yee K. Wong},
  journal     = {arXiv:2009.08709},
  title       = {Progressive semantic-aware style transformation for blind face restoration},
  year        = {2020},
  eprint      = {2009.08709},
  eprintclass = {cs.CV},
  eprinttype  = {arXiv},
  file        = {:JabRef/Face/Progressive Semantic-Aware Style Transformation for Blind Face Restoration.pdf:PDF},
  groups      = {Face},
  owner       = {Xintao},
  timestamp   = {2020-10-15},
}
@InProceedings{li2018GFRNet,
	author    = {Li, Xiaoming and Liu, Ming and Ye, Yuting and Zuo, Wangmeng and Lin, Liang and Yang, Ruigang},
	booktitle = eccv,
	title     = {Learning warped guidance for blind face restoration},
	year      = {2018},
	file      = {:JabRef/Face/Learning Warped Guidance for Blind Face Restoration.pdf:PDF},
	groups    = {Face},
	owner     = {Xintao},
	timestamp = {2020-11-06},
}
@InProceedings{dogan2019exemplar,
	author    = {Dogan, Berk and Gu, Shuhang and Timofte, Radu},
	booktitle = cvprw,
	title     = {Exemplar guided face image super-resolution without facial landmarks},
	year      = {2019},
	groups    = {Face},
	owner     = {Xintao},
	timestamp = {2020-11-06},
}
@InProceedings{li2020enhanced,
	author    = {Li, Xiaoming and Li, Wenyu and Ren, Dongwei and Zhang, Hongzhi and Wang, Meng and Zuo, Wangmeng},
	booktitle = cvpr,
	title     = {Enhanced blind face restoration with multi-exemplar images and adaptive spatial feature fusion},
	file      = {:JabRef/LowLevel/Enhanced Blind Face Restoration with Multi-Exemplar Images and Adaptive Spatial Feature Fusion.pdf:PDF},
	groups    = {Face},
	owner     = {Xintao},
	timestamp = {2020-10-15},
	year      = {2020},
}
@InProceedings{li2020dfdnet,
	author    = {Li, Xiaoming and Chen, Chaofeng and Zhou, Shangchen and Lin, Xianhui and Zuo, Wangmeng and Zhang, Lei},
	booktitle = eccv,
	title     = {Blind face restoration via deep multi-scale component dictionaries},
	file      = {:JabRef/LowLevel/Blind Face Restoration via Deep Multi-scale Component Dictionaries.pdf:PDF},
	groups    = {Face},
	owner     = {Xintao},
	timestamp = {2020-10-15},
	year      = {2020},
}
@InProceedings{karras2018stylegan,
	author    = {Karras, Tero and Laine, Samuli and Aila, Timo},
	booktitle = cvpr,
	title     = {A style-based generator architecture for generative adversarial networks},
	comment   = {StyleGAN},
	file      = {:JabRef/LowLevel/A Style-Based Generator Architecture for Generative Adversarial Networks.pdf:PDF},
	groups    = {Generation},
	owner     = {Xintao},
	timestamp = {2020-06-19},
	year      = {2018},
}
@InProceedings{karras2020stylegan2,
	author    = {Karras, Tero and Laine, Samuli and Aittala, Miika and Hellsten, Janne and Lehtinen, Jaakko and Aila, Timo},
	title     = {Analyzing and improving the image quality of stylegan},
	booktitle = cvpr,
	year      = {2020},
	comment   = {StyleGANv2},
	file      = {:JabRef/LowLevel/Analyzing and Improving the Image Quality of StyleGAN.pdf:PDF},
	groups    = {Generation},
	timestamp = {2020-06-18},
}
@InProceedings{gu2020mGANprior,
	author    = {Gu, Jinjin and Shen, Yujun and Zhou, Bolei},
	booktitle = cvpr,
	title     = {Image processing using multi-code gan prior},
	year      = {2020},
	comment   = {mGANprior},
	groups    = {Generation},
	owner     = {Xintao},
	timestamp = {2020-11-07},
}
@InProceedings{pan2020dgp,
	author    = {Pan, Xingang and Zhan, Xiaohang and Dai, Bo and Lin, Dahua and Loy, Chen Change and Luo, Ping},
	booktitle = eccv,
	title     = {Exploiting deep generative prior for versatile image restoration and manipulation},
	year      = {2020},
	file      = {:JabRef/LowLevel/Exploiting Deep Generative Prior for Versatile Image Restoration and Manipulation.pdf:PDF},
	groups    = {Generation},
	owner     = {Xintao},
	timestamp = {2020-11-06},
}
@InProceedings{menon2020pulse,
	author    = {Menon, Sachit and Damian, Alexandru and Hu, Shijia and Ravi, Nikhil and Rudin, Cynthia},
	booktitle = cvpr,
	title     = {PULSE: Self-supervised photo upsampling via latent space exploration of generative models},
	year      = {2020},
	file      = {:JabRef/LowLevel/PULSE Self-Supervised Photo Upsampling via Latent Space Exploration of Generative Models.pdf:PDF},
	groups    = {Generation, Restoration},
	owner     = {Xintao},
	timestamp = {2020-11-06},
}
@InProceedings{ronneberger2015unet,
	author    = {Ronneberger, Olaf and Fischer, Philipp and Brox, Thomas},
	booktitle = {International Conference on Medical Image Computing and Computer-Assisted Intervention},
	title     = {U-net: Convolutional networks for biomedical image segmentation},
	year      = {2015},
	groups    = {HighLevel},
	owner     = {Xintao},
	timestamp = {2020-11-07},
}
@InProceedings{wang2018sftgan,
	author    = {Wang, Xintao and Yu, Ke and Dong, Chao and Loy, Chen Change},
	booktitle = cvpr,
	title     = {Recovering realistic texture in image super-resolution by deep spatial feature transform},
	comment   = {SFT, SFTGAN},
	file      = {:JabRef/Mine/Recovering realistic texture in image super-resolution by deep spatial feature transform.pdf:PDF},
	groups    = {Mine, Restoration},
	owner     = {Xintao},
	timestamp = {2020-06-15},
	year      = {2018},
}
@InProceedings{park2019spade,
	author    = {Park, Taesung and Liu, Ming-Yu and Wang, Ting-Chun and Zhu, Jun-Yan},
	booktitle = cvpr,
	title     = {Semantic image synthesis with spatially-adaptive normalization},
	year      = {2019},
	comment   = {SPADE},
	groups    = {Generation},
	owner     = {Xintao},
	timestamp = {2020-11-07},
}
@InProceedings{li2018beautygan,
	author    = {Li, Tingting and Qian, Ruihe and Dong, Chao and Liu, Si and Yan, Qiong and Zhu, Wenwu and Lin, Liang},
	booktitle = acmmm,
	title     = {Beautygan: Instance-level facial makeup transfer with deep generative adversarial network},
	year      = {2018},
	file      = {:JabRef/LowLevel/Beautygan Instance-level facial makeup transfer with deep generative adversarial network.pdf:PDF},
	groups    = {Generation},
	owner     = {Xintao},
	timestamp = {2020-11-07},
}
@InProceedings{gu2019ladn,
	author    = {Gu, Qiao and Wang, Guanzhi and Chiu, Mang Tik and Tai, Yu-Wing and Tang, Chi-Keung},
	booktitle = iccv,
	title     = {Ladn: Local adversarial disentangling network for facial makeup and de-makeup},
	year      = {2019},
	file      = {:JabRef/LowLevel/Ladn Local adversarial disentangling network for facial makeup and de-makeup.pdf:PDF},
	groups    = {Generation},
	owner     = {Xintao},
	timestamp = {2020-11-07},
}
@Article{iizuka2017globally,
	author    = {Iizuka, Satoshi and Simo-Serra, Edgar and Ishikawa, Hiroshi},
	journal   = {ACM Transactions on Graphics (ToG)},
	title     = {Globally and locally consistent image completion},
	year      = {2017},
	number    = {4},
	pages     = {1--14},
	volume    = {36},
	file      = {:JabRef/LowLevel/Globally and Locally Consistent Image Completion.pdf:PDF},
	groups    = {Restoration},
	owner     = {Xintao},
	timestamp = {2020-11-07},
}
@InProceedings{li2017generative,
	author    = {Li, Yijun and Liu, Sifei and Yang, Jimei and Yang, Ming-Hsuan},
	booktitle = cvpr,
	title     = {Generative face completion},
	year      = {2017},
	file      = {:JabRef/LowLevel/Generative Face Completion.pdf:PDF},
	groups    = {Generation},
	owner     = {Xintao},
	timestamp = {2020-11-07},
}
@InProceedings{kupyn2019deblurganv2,
	author    = {Kupyn, Orest and Martyniuk, Tetiana and Wu, Junru and Wang, Zhangyang},
	booktitle = iccv,
	title     = {Deblurgan-v2: Deblurring (orders-of-magnitude) faster and better},
	year      = {2019},
	file      = {:JabRef/LowLevel/DeblurGANv2 Deblurring Orders-of-Magnitude Faster and Better.pdf:PDF},
	owner     = {Xintao},
	timestamp = {2020-11-10},
}

@InProceedings{wan2020bringing,
	author    = {Wan, Ziyu and Zhang, Bo and Chen, Dongdong and Zhang, Pan and Chen, Dong and Liao, Jing and Wen, Fang},
	booktitle = cvpr,
	title     = {Bringing old photos back to life},
	file      = {:JabRef/LowLevel/Bringing Old Photos Back to Life.pdf:PDF},
	groups    = {Restoration, Face},
	owner     = {Xintao},
	timestamp = {2020-10-15},
	year      = {2020},
}
@InProceedings{zhang2018rcan,
	author    = {Zhang, Yulun and Li, Kunpeng and Li, Kai and Wang, Lichen and Zhong, Bineng and Fu, Yun},
	title     = {Image super-resolution using very deep residual channel attention networks},
	booktitle = eccv,
	year      = {2018},
	comment   = {RCAN},
	timestamp = {2019-10-30},
}
@InProceedings{wang2018esrgan,
	author    = {Wang, Xintao and Yu, Ke and Wu, Shixiang and Gu, Jinjin and Liu, Yihao and Dong, Chao and Qiao, Yu and Loy, Chen Change},
	booktitle = eccvw,
	title     = {ESRGAN: Enhanced super-resolution generative adversarial networks},
	file      = {:JabRef/Mine/ESRGAN Enhanced super-resolution generative adversarial networks.pdf:PDF},
	groups    = {Mine, Restoration},
	owner     = {Xintao},
	timestamp = {2020-06-15},
	year      = {2018},
}
@InProceedings{huang2017wavelet,
	author    = {Huang, Huaibo and He, Ran and Sun, Zhenan and Tan, Tieniu},
	booktitle = iccv,
	title     = {Wavelet-srnet: A wavelet-based cnn for multi-scale face super resolution},
	year      = {2017},
	groups    = {Face},
	owner     = {Xintao},
	timestamp = {2020-11-10},
}
@InProceedings{timofte2017ntire,
	author    = {Timofte, Radu and Agustsson, Eirikur and Van Gool, Luc and Yang, Ming-Hsuan and Zhang, Lei},
	booktitle = cvprw,
	title     = {Ntire 2017 challenge on single image super-resolution: Methods and results},
	year      = {2017},
	groups    = {Restoration},
	owner     = {Xintao},
	timestamp = {2020-11-12},
}
@InProceedings{lai2017lapsrn,
	author    = {Lai, Wei-Sheng and Huang, Jia-Bin and Ahuja, Narendra and Yang, Ming-Hsuan},
	booktitle = cvpr,
	title     = {Deep laplacian pyramid networks for fast and accurate super-resolution},
	year      = {2017},
	owner     = {Xintao},
	timestamp = {2020-11-12},
}
@InProceedings{chen2017dpn,
	author    = {Chen, Yunpeng and Li, Jianan and Xiao, Huaxin and Jin, Xiaojie and Yan, Shuicheng and Feng, Jiashi},
	booktitle = nips,
	title     = {Dual path networks},
	year      = {2017},
	owner     = {Xintao},
	timestamp = {2020-11-12},
}
@InProceedings{karras2018pggan,
	author    = {Karras, Tero and Aila, Timo and Laine, Samuli and Lehtinen, Jaakko},
	booktitle = iclr,
	title     = {Progressive growing of gans for improved quality, stability, and variation},
	year      = {2018},
	groups    = {Face},
	owner     = {Xintao},
	timestamp = {2020-11-12},
}
@InProceedings{zhu2020domain,
	author    = {Zhu, Jiapeng and Shen, Yujun and Zhao, Deli and Zhou, Bolei},
	booktitle = eccv,
	title     = {In-domain gan inversion for real image editing},
	file      = {:JabRef/LowLevel/In-Domain GAN Inversion for Real Image Editing.pdf:PDF},
	groups    = {Generation},
	owner     = {Xintao},
	timestamp = {2020-08-23},
	year      = {2020},
}
@InProceedings{goodfellow2014gan,
	author    = {Goodfellow, Ian and Pouget-Abadie, Jean and Mirza, Mehdi and Xu, Bing and Warde-Farley, David and Ozair, Sherjil and Courville, Aaron and Bengio, Yoshua},
	booktitle = nips,
	title     = {Generative adversarial nets},
	year      = {2014},
	groups    = {Generation},
	owner     = {Xintao},
	timestamp = {2020-11-12},
}
@InProceedings{mescheder2018training,
	author    = {Mescheder, Lars and Geiger, Andreas and Nowozin, Sebastian},
	booktitle = icml,
	title     = {Which training methods for GANs do actually converge?},
	file      = {:JabRef/LowLevel/Which Training Methods for GANs do actually Converge.pdf:PDF},
	groups    = {Generation},
	owner     = {Xintao},
	timestamp = {2020-08-25},
	year      = {2018},
}
@InProceedings{wang2017pix2pixHD,
	author    = {Wang, Ting-Chun and Liu, Ming-Yu and Zhu, Jun-Yan and Tao, Andrew and Kautz, Jan and Catanzaro, Bryan},
	title     = {High-resolution image synthesis and semantic manipulation with conditional gans},
	booktitle = cvpr,
	year      = {2018},
	timestamp = {2018-11-06},
}
@InProceedings{gatys2016style,
	author    = {Gatys, Leon A and Ecker, Alexander S and Bethge, Matthias},
	title     = {Image style transfer using convolutional neural networks},
	booktitle = cvpr,
	year      = {2016},
	timestamp = {2018-11-06},
}
@InProceedings{gondal2018unreasonable,
	author    = {Gondal, Muhammad Waleed and Sch{\"o}lkopf, Bernhard and Hirsch, Michael},
	booktitle = eccv,
	title     = {The unreasonable effectiveness of texture transfer for single image super-resolution},
	year      = {2018},
	owner     = {Xintao},
	timestamp = {2020-11-12},
}
@InProceedings{he2017maskrcnn,
	author    = {He, Kaiming and Gkioxari, Georgia and Doll{\'a}r, Piotr and Girshick, Ross},
	booktitle = iccv,
	title     = {Mask r-cnn},
	year      = {2017},
	groups    = {HighLevel},
	owner     = {Xintao},
	timestamp = {2020-11-12},
}
@InProceedings{johnson2016perceptual,
	author    = {Johnson, Justin and Alahi, Alexandre and Fei-Fei, Li},
	title     = {Perceptual losses for real-time style transfer and super-resolution},
	booktitle = eccv,
	year      = {2016},
	timestamp = {2018-07-30},
}
@InProceedings{ledig2017srgan,
	author    = {Ledig, Christian and Theis, Lucas and Husz{\'a}r, Ferenc and Caballero, Jose and Cunningham, Andrew and Acosta, Alejandro and Aitken, Andrew and Tejani, Alykhan and Totz, Johannes and Wang, Zehan and others},
	title     = {Photo-realistic single image super-resolution using a generative adversarial network},
	booktitle = cvpr,
	year      = {2017},
	comment   = {SRResNet, SRGAN},
	timestamp = {2018-08-06},
}
@InProceedings{simonyan2015vgg,
	author    = {Simonyan, Karen and Zisserman, Andrew},
	booktitle = iclr,
	title     = {Very deep convolutional networks for large-scale image recognition},
	year      = {2015},
	groups    = {HighLevel},
	owner     = {Xintao},
	timestamp = {2020-11-12},
}
@InProceedings{huang2017tpgan,
	author    = {Huang, Rui and Zhang, Shu and Li, Tianyu and He, Ran},
	booktitle = cvpr,
	title     = {Beyond face rotation: Global and local perception gan for photorealistic and identity preserving frontal view synthesis},
	year      = {2017},
	file      = {:JabRef/Face/Beyond Face Rotation Global and Local Perception GAN for Photorealistic and Identity Preserving Frontal View Synthesis.pdf:PDF},
	groups    = {Face},
	owner     = {Xintao},
	timestamp = {2020-11-10},
}
@InProceedings{deng2019arcface,
	author    = {Deng, Jiankang and Guo, Jia and Xue, Niannan and Zafeiriou, Stefanos},
	booktitle = cvpr,
	title     = {Arcface: Additive angular margin loss for deep face recognition},
	year      = {2019},
	groups    = {Face},
	owner     = {Xintao},
	timestamp = {2020-11-12},
}
@InProceedings{han2020ghostnet,
	author    = {Han, Kai and Wang, Yunhe and Tian, Qi and Guo, Jianyuan and Xu, Chunjing and Xu, Chang},
	booktitle = cvpr,
	title     = {GhostNet: More features from cheap operations},
	year      = {2020},
	file      = {:JabRef/HighLevel/GhostNet More Features from Cheap Operations.pdf:PDF},
	groups    = {HighLevel},
	owner     = {Xintao},
	timestamp = {2020-11-10},
}
@InProceedings{abdal2019image2stylegan,
	author    = {Abdal, Rameen and Qin, Yipeng and Wonka, Peter},
	booktitle = iccv,
	title     = {Image2stylegan: How to embed images into the stylegan latent space?},
	year      = {2019},
	groups    = {Generation},
	owner     = {Xintao},
	timestamp = {2020-11-13},
}
@InProceedings{zhang2016colorful,
	author    = {Zhang, Richard and Isola, Phillip and Efros, Alexei A},
	booktitle = eccv,
	title     = {Colorful image colorization},
	year      = {2016},
	owner     = {Xintao},
	timestamp = {2020-11-13},
}
@InProceedings{gecer2019ganfit,
	author    = {Gecer, Baris and Ploumpis, Stylianos and Kotsia, Irene and Zafeiriou, Stefanos},
	booktitle = cvpr,
	title     = {Ganfit: Generative adversarial network fitting for high fidelity 3d face reconstruction},
	year      = {2019},
	groups    = {Generation},
	owner     = {Xintao},
	timestamp = {2020-11-13},
}
@InProceedings{kingma2014adam,
	author    = {Kingma, Diederik P and Ba, Jimmy},
	booktitle = iclr,
	title     = {Adam: A method for stochastic optimization},
	year      = {2015},
	owner     = {Xintao},
	timestamp = {2020-11-13},
}
@InProceedings{he2016resnet,
	author    = {He, Kaiming and Zhang, Xiangyu and Ren, Shaoqing and Sun, Jian},
	booktitle = cvpr,
	title     = {Deep residual learning for image recognition},
	year      = {2016},
	comment   = {ResNet},
	file      = {:JabRef/HighLevel/Deep residual learning for image recognition.pdf:PDF},
	groups    = {HighLevel},
	owner     = {Xintao},
	timestamp = {2020-11-07},
}
@InProceedings{bulat2018super,
	author    = {Bulat, Adrian and Tzimiropoulos, Georgios},
	booktitle = cvpr,
	title     = {Super-fan: Integrated facial landmark localization and super-resolution of real-world low resolution faces in arbitrary poses with gans},
	year      = {2018},
	comment   = {SuperFAN},
	file      = {:JabRef/Face/Super-FAN Integrated facial landmark localization and super-resolution of real-world low resolution faces in arbitrary poses with GANs.pdf:PDF},
	groups    = {Face},
	owner     = {Xintao},
	timestamp = {2020-11-14},
}
@InProceedings{kim2016vdsr,
	author    = {Kim, Jiwon and Kwon Lee, Jung and Mu Lee, Kyoung},
	booktitle = cvpr,
	title     = {Accurate image super-resolution using very deep convolutional networks},
	year      = {2016},
	groups    = {Restoration},
	owner     = {Xintao},
	timestamp = {2020-11-15},
}
@InProceedings{liu2018non,
	author    = {Liu, Ding and Wen, Bihan and Fan, Yuchen and Loy, Chen Change and Huang, Thomas S},
	title     = {Non-Local recurrent network for image restoration},
	booktitle = nips,
	year      = {2018},
	timestamp = {2018-11-26},
}
@InProceedings{haris2018dbpn,
	author    = {Haris, Muhammad and Shakhnarovich, Greg and Ukita, Norimichi},
	title     = {Deep backprojection networks for super-resolution},
	booktitle = cvpr,
	year      = {2018},
	timestamp = {2018-08-27},
}
@InProceedings{dai2019second,
	author    = {Dai, Tao and Cai, Jianrui and Zhang, Yongbing and Xia, Shu-Tao and Zhang, Lei},
	booktitle = cvpr,
	title     = {Second-order attention network for single image super-resolution},
	year      = {2019},
	groups    = {Restoration},
	owner     = {Xintao},
	timestamp = {2020-11-15},
}
@InProceedings{helou2020stochastic,
	author    = {Helou, Majed El and Zhou, Ruofan and S{\"u}sstrunk, Sabine},
	booktitle = eccv,
	title     = {Stochastic frequency masking to improve super-resolution and denoising networks},
	year      = {2020},
	groups    = {Restoration},
	owner     = {Xintao},
	timestamp = {2020-11-15},
}
@InProceedings{guo2020closed,
	author    = {Guo, Yong and Chen, Jian and Wang, Jingdong and Chen, Qi and Cao, Jiezhang and Deng, Zeshuai and Xu, Yanwu and Tan, Mingkui},
	booktitle = cvpr,
	title     = {Closed-loop matters: Dual regression networks for single image super-resolution},
	year      = {2020},
	groups    = {Restoration},
	owner     = {Xintao},
	timestamp = {2020-11-15},
}
@inproceedings{liu2020residual,
	title={Residual Feature Aggregation Network for Image Super-Resolution},
	author={Liu, Jie and Zhang, Wenjie and Tang, Yuting and Tang, Jie and Wu, Gangshan},
	booktitle=cvpr,
	year={2020}
}
@inproceedings{lefkimmiatis2017non,
	title={Non-local color image denoising with convolutional neural networks},
	author={Lefkimmiatis, Stamatios},
	booktitle=cvpr,
	year={2017}
}
@InProceedings{luo2020unfolding,
	title={Unfolding the Alternating Optimization for Blind Super Resolution},
	author={Luo, Zhengxiong and Huang, Yan and Li, Shang and Wang, Liang and Tan, Tieniu},
	booktitle=nips,
	year={2020}
}
@inproceedings{chen2018image,
	title={Image blind denoising with generative adversarial network based noise modeling},
	author={Chen, Jingwen and Chen, Jiawei and Chao, Hongyang and Yang, Ming},
	booktitle=cvpr,
	year={2018}
}
@inproceedings{sajjadi2017enhancenet,
	title={Enhancenet: Single image super-resolution through automated texture synthesis},
	author={Sajjadi, Mehdi SM and Scholkopf, Bernhard and Hirsch, Michael},
	booktitle=eccv,
	year={2017}
}
@inproceedings{guo2019toward,
	title={Toward convolutional blind denoising of real photographs},
	author={Guo, Shi and Yan, Zifei and Zhang, Kai and Zuo, Wangmeng and Zhang, Lei},
	booktitle=cvpr,
	year={2019}
}
@inproceedings{xu2014deep,
	title={Deep convolutional neural network for image deconvolution},
	author={Xu, Li and Ren, Jimmy S and Liu, Ce and Jia, Jiaya},
	booktitle=nips,
	year={2014}
}
@InProceedings{wang2021unsupervised,
	title={Unsupervised Degradation Representation Learning for Blind Super-Resolution},
	author={Wang, Longguang and Wang, Yingqian and Dong, Xiaoyu and Xu, Qingyu and Yang, Jungang and An, Wei and Guo, Yulan},
	booktitle = cvpr,
	year={2021}
}
@inproceedings{guo2016building,
	title={Building dual-domain representations for compression artifacts reduction},
	author={Guo, Jun and Chao, Hongyang},
	booktitle=eccv,
	year={2016}
}
@inproceedings{galteri2017deep,
	title={Deep generative adversarial compression artifact removal},
	author={Galteri, Leonardo and Seidenari, Lorenzo and Bertini, Marco and Del Bimbo, Alberto},
	booktitle=iccv,
	year={2017}
}
@inproceedings{gu2019blind,
	title={Blind super-resolution with iterative kernel correction},
	author={Gu, Jinjin and Lu, Hannan and Zuo, Wangmeng and Dong, Chao},
	booktitle=cvpr,
	year={2019}
}
@inproceedings{kim2019progressive,
	title={Progressive face super-resolution via attention to facial landmark},
	author={Kim, Deokyun and Kim, Minseon and Kwon, Gihyun and Kim, Dae-Shik},
	booktitle=bmvc,
	year={2019}
}
@inproceedings{cao2017attention,
	title={Attention-aware face hallucination via deep reinforcement learning},
	author={Cao, Qingxing and Lin, Liang and Shi, Yukai and Liang, Xiaodan and Li, Guanbin},
	booktitle=cvpr,
	year={2017}
}
@inproceedings{xu2017learning,
	title={Learning to super-resolve blurry face and text images},
	author={Xu, Xiangyu and Sun, Deqing and Pan, Jinshan and Zhang, Yujin and Pfister, Hanspeter and Yang, Ming-Hsuan},
	booktitle=iccv,
	year={2017}
}
@inproceedings{yu2018super,
	title={Super-resolving very low-resolution face images with supplementary attributes},
	author={Yu, Xin and Fernando, Basura and Hartley, Richard and Porikli, Fatih},
	booktitle=cvpr,
	year={2018}
}
@inproceedings{zhu2016deep,
	title={Deep cascaded bi-network for face hallucination},
	author={Zhu, Shizhan and Liu, Sifei and Loy, Chen Change and Tang, Xiaoou},
	booktitle=eccv,
	year={2016}
}
@article{brock2018large,
	title={Large scale gan training for high fidelity natural image synthesis},
	author={Brock, Andrew and Donahue, Jeff and Simonyan, Karen},
	journal={arXiv preprint arXiv:1809.11096},
	year={2018}
}
@Article{yang2020hifacegan,
  author      = {Lingbo Yang and Chang Liu and Pan Wang and Shanshe Wang and Peiran Ren and Siwei Ma and Wen Gao},
  journal     = {ACM Multimedia},
  title       = {HiFaceGAN: Face renovation via collaborative suppression and replenishment},
  year        = {2020},
  date        = {2020-05-11},
  eprint      = {2005.05005},
  eprintclass = {cs.CV},
  eprinttype  = {arXiv},
  file        = {:JabRef/Face/HiFaceGAN Face Renovation via Collaborative Suppression and Replenishment.pdf:PDF},
  groups      = {Face},
  owner       = {Xintao},
  timestamp   = {2020-10-15},
}
@article{howard2017mobilenets,
	title={Mobilenets: Efficient convolutional neural networks for mobile vision applications},
	author={Howard, Andrew G and Zhu, Menglong and Chen, Bo and Kalenichenko, Dmitry and Wang, Weijun and Weyand, Tobias and Andreetto, Marco and Adam, Hartwig},
	journal={arXiv:1704.04861},
	year={2017}
}
@article{zhao2019channel,
	title={Channel splitting network for single MR image super-resolution},
	author={Zhao, Xiaole and Zhang, Yulun and Zhang, Tao and Zou, Xueming},
	journal={IEEE Transactions on Image Processing},
	volume={28},
	number={11},
	pages={5649--5662},
	year={2019},
	publisher={IEEE}
}
@inproceedings{liu2015faceattributes,
	title = {Deep learning face attributes in the wild},
	author = {Liu, Ziwei and Luo, Ping and Wang, Xiaogang and Tang, Xiaoou},
	booktitle = iccv,
	year = {2015}
}
@TechReport{LFWTech,
	author =       {Gary B. Huang and Manu Ramesh and Tamara Berg and
	Erik Learned-Miller},
	title =        {Labeled faces in the wild: A database for studying
	face recognition in unconstrained environments},
	institution =  {University of Massachusetts, Amherst},
	year =         2007}

@inproceedings{zhang2018perceptual,
	title={The unreasonable effectiveness of deep features as a perceptual metric},
	author={Zhang, Richard and Isola, Phillip and Efros, Alexei A and Shechtman, Eli and Wang, Oliver},
	booktitle=cvpr,
	year={2018}
}
@inproceedings{heusel2017gans,
	title={Gans trained by a two time-scale update rule converge to a local nash equilibrium},
	author={Heusel, Martin and Ramsauer, Hubert and Unterthiner, Thomas and Nessler, Bernhard and Hochreiter, Sepp},
	booktitle=nips,
	year={2017}
}
@article{mittal2012making,
	title={Making a “completely blind” image quality analyzer},
	author={Mittal, Anish and Soundararajan, Rajiv and Bovik, Alan C},
	journal={IEEE Signal processing letters},
	volume={20},
	number={3},
	pages={209--212},
	year={2012},
	publisher={IEEE}
}
@inproceedings{blau20182018,
	title={The 2018 pirm challenge on perceptual image super-resolution},
	author={Blau, Yochai and Mechrez, Roey and Timofte, Radu and Michaeli, Tomer and Zelnik-Manor, Lihi},
	booktitle=eccvw,
	year={2018}
}